%% This BibTeX bibliography file was created using BibDesk.
%% http://bibdesk.sourceforge.net/

%% Created for Mac Outreach Admin at 2018-07-25 15:09:20 -0400 


%% Saved with string encoding Unicode (UTF-8) 



@article{aronson2002building,
	Author = {Aronson, Elliot},
	Date-Added = {2018-07-25 18:43:26 +0000},
	Date-Modified = {2018-07-25 18:43:26 +0000},
	Journal = {Improving academic achievement: Impact of psychological factors on education},
	Pages = {209--225},
	Title = {Building empathy, compassion, and achievement in the jigsaw classroom},
	Year = {2002}}

@article{selmesmitchell2007, 
	Author = {Mitchell, Alex J. and Selmes, Thomas},
	Date-Added = {2018-12-05 18:43:26 +0000},
	Date-Modified = {2018-12-05 18:43:26 +0000},
	Journal = {Advances in Psychiatric Treatment},
	Pages = {336 -- 346},
	Title = {Why don't patients take their medication? Reasons and solutions in psychology},
	Year = {2007}}
